@misc{bcg_logo,
    title = {Boston Consulting Group},
	howpublished = {\url{https://www.bcg.com/bcg/logo/}},
    url = {https://www.bcg.com/bcg/logo/}
}

@misc{bcg_x_logo,
    title = {BCG X | The Tech Build and Design Division of BCG},
	howpublished = {\url{https://www.bcg.com/x/}},
    url = {https://www.bcg.com/x/}
}

@misc{executive_leadership_board,
    title = {Executive Leadership Board},
	howpublished = {\url{https://theorg.com/org/bcg-x/}},
    url = {https://theorg.com/org/bcg-x/}
}

@misc{scrum_process,
    title = {What is Scrum?},
	howpublished = {\url{https://www.pm-partners.com.au/insights/the-agile-journey-a-scrum-overview/}},
    url = {https://www.pm-partners.com.au/insights/the-agile-journey-a-scrum-overview/}
}

@misc{clickup_logo,
    title = {ClickUp Logo},
	howpublished = {\url{https://clickup.com/brand/}},
    url = {https://clickup.com/brand/}
}

@misc{slack_logo,
    title = {Slack Logo},
	howpublished = {\url{https://slack.com/media-kit/}},
    url = {https://slack.com/media-kit/}
}

@misc{zoom_logo,
    title = {Zoom Logo},
	howpublished = {\url{https://www.zoom.com/en/about/media-kit/}},
    url = {https://www.zoom.com/en/about/media-kit/}
}

@misc{microsoft_teams_logo,
    title = {Microsoft Teams Logo},
	howpublished = {\url{https://www.microsoft.com/en-us/microsoft-teams/group-chat-software/}},
    url = {https://www.microsoft.com/en-us/microsoft-teams/group-chat-software/}
}

@misc{microsoft_outlook_logo,
    title = {Microsoft Outlook Logo},
    howpublished = {\url{https://www.microsoft.com/en-us/microsoft-365/outlook/email-and-calendar-software-microsoft-outlook/}},
    url = {https://www.microsoft.com/en-us/microsoft-365/outlook/email-and-calendar-software-microsoft-outlook/}
}

@misc{miro_logo,
    title = {Miro Logo},
    howpublished = {\url{https://miro.com/about/}},
    url = {https://miro.com/about/}
}

@misc{pandadoc_logo,
    title = {Pandadoc Logo},
	howpublished = {\url{https://brandfetch.com/pandadoc.com/}},
    url = {https://brandfetch.com/pandadoc.com/}
}

@misc{harveyai_logo,
    title = {Harvey AI Logo},
	howpublished = {\url{https://www.harvey.ai/}},
    url = {https://www.harvey.ai/}
}

@misc{docdraft_logo,
    title = {DocDraft Logo},
	howpublished = {\url{https://www.docdraft.ai/}},
    url = {https://www.docdraft.ai/}
}

@misc{llmEvolution,
    title = {The Importance of Prompt Engineering in Maximising Benefits of Existing LLMs},
	howpublished = {\url{https://medium.com/@ah_amin_b/context-is-all-you-need-the-importance-of-prompt-engineering-in-maximising-benefits-of-existing-2d8f982d98ef/}},
    url = {https://medium.com/@ah_amin_b/context-is-all-you-need-the-importance-of-prompt-engineering-in-maximising-benefits-of-existing-2d8f982d98ef/}
}

@misc{llmIntelligencePriceSpeedComparison,
    title = {Comparative Intelligence, Price and Speed Indexes of LLMs},
	howpublished = {\url{https://artificialanalysis.ai/models/}},
    url = {https://artificialanalysis.ai/models/}
}

@misc{agenticAIArchitecture,
    title = {AI Agents In Your Workforce},
	howpublished = {\url{https://www.electronicsforu.com/technology-trends/ai-agents-in-your-workforce/}},
    url = {https://www.electronicsforu.com/technology-trends/ai-agents-in-your-workforce/}
}

@misc{agentic_vs_generative_ai,
    title = {Agentic AI vs Generative AI: Understanding the Key Differences and Impacts},
    howpublished = {\url{https://medium.com/@myscale/agentic-ai-vs-generative-ai-understanding-the-key-differences-and-impacts-e4527bb7c4ee/}},
    url = {https://medium.com/@myscale/agentic-ai-vs-generative-ai-understanding-the-key-differences-and-impacts-e4527bb7c4ee/}
}

@misc{multi_agent_system,
    title = {Multiagent Planning in AI},
    howpublished = {\url{https://www.geeksforgeeks.org/multiagent-planning-in-ai/}},
    url = {https://www.geeksforgeeks.org/multiagent-planning-in-ai/}
}

@misc{langchainArchitecture,
    title = {LangChain Platfrom Overview},
	howpublished = {\url{https://x.com/zhanghaili0610/status/1696554153609253033/}},
    url = {https://x.com/zhanghaili0610/status/1696554153609253033/}
}

@misc{langgraphMultiAgent,
    title = {Orchestrating agentic systems},
	howpublished = {\url{https://medium.com/@raunak-jain/orchestrating-agentic-systems-eb945d305083/}},
    url = {https://medium.com/@raunak-jain/orchestrating-agentic-systems-eb945d305083/}
}

@misc{tiptap_editor,
    title = {TipTap},
	howpublished = {\url{https://tiptap.dev/}},
    url = {https://tiptap.dev/}
}

@misc{azure_openai_logo,
    title = {Announcing a new OpenAI feature for developers on Azure},
	howpublished = {\url{https://azure.microsoft.com/de-de/blog/announcing-a-new-openai-feature-for-developers-on-azure/}},
    url = {https://azure.microsoft.com/de-de/blog/announcing-a-new-openai-feature-for-developers-on-azure/}
}

@misc{langchain_logo,
    title = {LangChain Logo},
	howpublished = {\url{https://www.langchain.com/}},
    url = {https://www.langchain.com/}
}

@misc{langgraph_logo,
    title = {LangGraph Logo},
	howpublished = {\url{https://www.langchain.com/langgraph/}},
    url = {https://www.langchain.com/langgraph/}
}

@misc{elasticsearch_logo,
    title = {Libvirt Overview},
	howpublished = {\url{https://www.elastic.co/elasticsearch/}},
    url = {https://www.elastic.co/elasticsearch/}
}

@misc{typescript_logo,
    title = {TypeScript Logo},
	howpublished = {\url{https://www.typescriptlang.org/branding/}},
    url = {https://www.typescriptlang.org/branding/}
}

@misc{react_logo,
    title = {React Logo},
	howpublished = {\url{https://react.dev/}},
    url = {https://react.dev/}
}

@misc{tiptap_logo,
    title = {TipTap Logo},
	howpublished = {\url{https://tiptap.dev/docs/}},
    url = {https://tiptap.dev/docs/}
}

@misc{jest_logo,
    title = {Jest Logo},
	howpublished = {\url{https://freebiesupply.com/logos/jest-logo/}},
    url = {https://freebiesupply.com/logos/jest-logo/}
}

@misc{python_logo,
    title = {Python Logo},
	howpublished = {\url{https://www.python.org/community/logos/}},
    url = {https://www.python.org/community/logos/}
}

@misc{fastapi_logo,
    title = {FastAPI Logo},
	howpublished = {\url{https://fastapi.tiangolo.com/}},
    url = {https://fastapi.tiangolo.com/}
}

@misc{pytest_logo,
    title = {Pytest Logo},
	howpublished = {\url{https://docs.pytest.org/en/stable/}},
    url = {https://docs.pytest.org/en/stable/}
}

@misc{postgresql_logo,
    title = {PostgreSQL Logo},
	howpublished = {\url{https://www.postgresql.org/about/press/presskit16/base/}},
    url = {https://www.postgresql.org/about/press/presskit16/base/}
}

@misc{postman_logo,
    title = {Postman Logo},
	howpublished = {\url{https://www.postman.com/legal/logo-usage/}},
    url = {https://www.postman.com/legal/logo-usage/}
}

@misc{curl_logo,
    title = {cURL Logo},
	howpublished = {\url{https://curl.se/logo/}},
    url = {https://curl.se/logo/}
}

@misc{sonarqube_logo,
    title = {SonarQube Logo},
	howpublished = {\url{https://www.sonarsource.com/brand-identity/}},
    url = {https://www.sonarsource.com/brand-identity/}
}

@misc{azure_pipelines_logo,
    title = {Azure Pipelines Logo},
	howpublished = {\url{https://azure.microsoft.com/en-us/products/devops/pipelines/}},
    url = {https://azure.microsoft.com/en-us/products/devops/pipelines/}
}

@misc{docker_logo,
    title = {Docker Logo},
	howpublished = {\url{https://www.docker.com/company/newsroom/media-resources/}},
    url = {https://www.docker.com/company/newsroom/media-resources/}
}

@misc{kubernetes_logo,
    title = {Kubernetes Logo},
	howpublished = {\url{https://github.com/kubernetes/kubernetes/blob/master/logo/logo.png}},
    url = {https://github.com/kubernetes/kubernetes/blob/master/logo/logo.png}
}

@misc{terraform_logo,
    title = {Terraform Logo},
	howpublished = {\url{https://developer.hashicorp.com/terraform/}},
    url = {https://developer.hashicorp.com/terraform/}
}

@misc{vscode_logo,
    title = {VSCode Logo},
	howpublished = {\url{https://code.visualstudio.com/brand}},
    url = {https://code.visualstudio.com/brand}
}
